@misc{lerner2014randmemohash,
  url = {{http://www.hashcash.org/papers/memohash.pdf}},
  _note = {{\url{https://web.archive.org/web/20170810044110/http://www.hashcash.org/papers/memohash.pdf}}},
  author = {Sergio Demian Lerner},
  title = {{Strict Memory Hard Hashing Functions}},
  year = {{2014}},
}

@misc{FowlerNollVo1991FNVHash,
  url = {{http://www.isthe.com/chongo/tech/comp/fnv/index.html}},
  _note = {{\url{https://web.archive.org/web/20180205025406/http://www.isthe.com/chongo/tech/comp/fnv/index.html}}},
  author = {Glenn Fowler, Landon Curt Noll, Phong Vo},
  title = {{Fowler–Noll–Vo hash function}},
  year = {{1991}},
}

@inproceedings{GHOST,
  title={Secure high-rate transaction processing in bitcoin},
  author={Sompolinsky, Yonatan and Zohar, Aviv},
  booktitle={International Conference on Financial Cryptography and Data Security},
  pages={507--527},
  year={2015},
  organization={Springer}
}


@article{Conflux,
  title={Scaling Nakamoto Consensus to Thousands of Transactions per Second},
  author={Li, Chenxing and Li, Peilun and Zhou, Dong and Xu, Wei and Long, Fan and Yao, Andrew Chi-chih},
  journal={arXiv preprint arXiv:1805.03870},
  year={2018}
}

@article{ETH_yellow,
  title={Ethereum: A Secure Decentralised Generalised Transaction Ledger (Byzantium version dbc2f9b)},
  author={Gavin Wood},
  journal={https://ethereum.github.io/yellowpaper/paper.pdf},
  year={2019-03-28}
}

@inproceedings{Inclusive,
  title={Inclusive block chain protocols},
  author={Lewenberg, Yoad and Sompolinsky, Yonatan and Zohar, Aviv},
  booktitle={International Conference on Financial Cryptography and Data Security},
  pages={528--547},
  year={2015},
  organization={Springer}
}

@inproceedings{aumasson2012siphash,
  title={SipHash: a fast short-input PRF},
  author={Aumasson, Jean-Philippe and Bernstein, Daniel J},
  booktitle={International Conference on Cryptology in India},
  pages={489--508},
  year={2012},
  organization={Springer}
}